@misc{maven, 
	 author={Apache},
	 title={Apache Maven Project}, 
	 howpublished={\url{https://maven.apache.org/}}
},

